2221 2815
248 388 339 433 quo
373 376 421 418 in
455 372 586 416 libris
620 370 787 426 Sibyll.
822 368 1207 427 πολυποίνσοφος
1238 371 1489 427 repetitum
1538 370 1657 418 πολὺ
1692 373 2013 434 mmai-7905-

248 452 394 493 φεται
439 431 712 490 πολύπικρα
762 430 1010 489 ἐπίῤῥημα
1060 430 1213 474 Schol.
1265 431 1353 475 Od.
1402 430 1525 478 XVI.
1567 437 1669 479 255.
1715 433 1859 492 idque
1891 450 2014 480 nunc

245 498 396 539 locum
438 494 643 537 obtinuit
684 492 944 548 eodemque
985 491 1128 535 modo
1172 493 1398 548 scriptum
1444 501 1516 539 est
1558 492 1854 553 πολύπικρος
1885 496 2012 553 ἐρωή

243 557 503 612 Apollinar.
547 554 700 597 Psalm
744 550 881 597 LXV.
917 554 986 595 15.
1020 566 1106 609 pro
1144 550 1451 610 Θεσμοφόρω
1484 553 1841 600 πολύπότνιαι
1863 556 2011 605 Arist.

244 617 430 659 Thesm.
481 617 612 656 1156.
660 613 856 655 Vossius
902 613 961 655 ad
1007 612 1069 656 H.
1118 612 1180 655 H.
1228 615 1279 656 in
1327 611 1429 656 Cer.
1464 616 1566 657 211.
1600 617 2014 661 tacite'substituit

245 676 581 733 compositum,
615 673 741 731 quod
775 673 1024 716 novissimi
1057 672 1263 716 editores
1294 681 1590 730 receperunt;
1638 674 1695 717 τὸ
1729 676 1849 721 πολι)
1884 676 2012 734 πρώ-

244 753 412 781 τιστον
453 734 566 778 τινὰ
610 734 727 778 ‘miv'
773 732 1098 792 ἀντιγράφων
1135 732 1263 791 ΰφὲν
1302 732 1584 793 γράφουσιν
1627 736 1757 780 Eust.
1792 740 1904 789 362,
1941 740 2011 781 12.

244 798 326 841 sed
369 796 702 853 comparativis
745 802 791 836 et
832 795 1133 850 superlativis
1172 796 1427 851 apponitur
1456 797 1614 851 potius
1648 810 1789 852 quam
1823 811 2011 854 compo-

243 860 393 908 nitur,
434 855 554 899 πολι)
589 859 801 911 πρῶτος,
835 853 955 898 πολύ
992 854 1212 912 ἄριστος,
1247 852 1366 898 πολι)
1398 854 1647 915 μέγιστος,
1680 854 1800 900 πολύ
1836 856 2011 915 φέρτα-

244 935 339 969 τος,
374 924 573 974 excepto
604 929 697 958 uno
731 914 1085 961 πολυκύδιστος
1117 914 1244 970 quod
1275 915 1347 957 bis
1378 916 1429 957 in
1462 915 1654 959 Anthol.
1687 918 1858 972 legitur
1890 920 2011 960 etin

244 980 508 1035 Aponium,
557 978 628 1020 Ps.
677 975 798 1020 XCI.
849 980 889 1019 2.
938 976 1030 1018 nisi
1077 974 1127 1017 id
1175 988 1362 1032 quoque
1401 974 1714 1021 diducendum
1746 984 1829 1023 est.
1894 976 2010 1022 Cum

245 1039 554 1083 substantivis
587 1035 710 1080 πολύ
744 1050 839 1078 non
873 1036 1240 1090 conglutinatum
1289 1049 1399 1077 nam
1433 1036 1896 1095 πολυπλαγκτοσύνη
1929 1053 2011 1095 pa-

243 1100 555 1154 rasyntheton
590 1112 690 1140 esse
724 1111 751 1139 a
783 1097 1145 1156 πολύπλαγκτος
1177 1096 1471 1151 cognoscitur
1502 1110 1562 1140 ex
1594 1098 1699 1141 aliis
1733 1112 1867 1156 quae,
1902 1099 2011 1156 quia

244 1161 477 1217 simplicia
508 1173 604 1201 non
639 1164 815 1208 extant,
847 1170 933 1212 pro
968 1156 1200 1210 synthetis
1227 1156 1391 1200 haberi
1423 1171 1520 1200 non
1552 1167 1764 1213 possunt,
1796 1164 2012 1215 πολυμα-

243 1217 523 1275 θημοσύνη,
557 1214 1014 1273 πλατυρῤημοσύνη,
1048 1214 1408 1272 εὐσχημοσύνη,
1443 1217 1702 1274 eademque
1734 1221 1918 1262 ratione
1951 1221 2010 1264 ab

245 1281 488 1334 adjectivis
523 1280 587 1320 sic
621 1277 893 1333 compositis
926 1284 976 1317 ut
1010 1278 1243 1319 novitium
1278 1276 1557 1334 πολύσοφος
1591 1278 1769 1325 distant
1799 1280 2010 1323 verbalia

245 1341 627 1396 gravissimorum
662 1344 901 1380 auctorum
936 1350 1023 1378 usu
1057 1336 1291 1379 celebrata
1324 1335 1649 1393 πολύκμητος,
1692 1339 2009 1395 πολυάρατος,

245 1398 526 1456 πολύθυτος,
570 1406 653 1440 etc.
717 1397 931 1464 Namtffi
976 1397 1156 1439 nullum
1207 1396 1398 1453 quidem
1450 1405 1521 1440 est
1566 1412 1712 1455 genus
1743 1399 2010 1452 verborum,

243 1487 270 1515 a
318 1485 409 1527 quo
461 1469 694 1525 adjectiva
741 1470 792 1511 in
840 1483 922 1515 τος
972 1467 1133 1522 effingi
1181 1480 1278 1509 non
1316 1469 1558 1524 potuerint
1599 1469 1681 1512 sed
1727 1483 1755 1512 a
1793 1470 2009 1526 plurimis

245 1533 375 1574 nulla
415 1532 522 1573 ficta
565 1538 675 1572 sunt
707 1530 955 1585 ipsumque
988 1528 1076 1569 hoc
1108 1527 1382 1576 πολύθυτος
1415 1543 1518 1572 cum
1552 1529 1775 1573 affinibus
1809 1529 2009 1582 ἄθυτος,

244 1590 519 1642 πάνθυτος,
554 1588 811 1647 ἱερόθυτος
844 1602 871 1630 a
902 1587 1048 1630 verbo
1082 1588 1271 1643 quidem
1312 1589 1573 1646 profectum
1615 1597 1687 1632 est
1723 1591 1936 1647 perindev
1960 1600 2012 1633 ut

245 1652 470 1702 εὔεικτος,
507 1650 770 1708 ἄῤῥωστος,
807 1648 1060 1702 ἄπληστος,
1095 1648 1177 1690 sed
1211 1650 1313 1691 sine
1346 1651 1617 1692 interventu
1650 1648 1872 1705 adjectivi
1900 1651 2011 1695 sim.

242 1713 376 1769 plicis
408 1710 581 1761 θυτός,
616 1710 742 1768 quod
776 1722 1016 1764 nunquam
1048 1709 1097 1749 in
1130 1722 1264 1750 usum
1299 1710 1455 1760 venit,
1492 1718 1539 1751 et
1570 1708 1894 1766 πολύκμητος,
1931 1712 2011 1755 ἄκ-

243 1788 393 1829 μητος
426 1787 452 1814 a
486 1774 630 1827 stirpe
663 1770 810 1820 verbi,
844 1783 940 1810 non
974 1782 1001 1810 a
1033 1767 1226 1823 κμητός,
1261 1770 1385 1824 qnod
1404 1784 1571 1813 norma
1588 1771 1813 1827 loquendi
1831 1774 2010 1829 respuit

242 1849 286 1876 v.
323 1833 462 1876 Proll.
499 1835 599 1875 193.
665 1831 741 1874 Sic
772 1830 920 1873 multa
952 1830 1001 1871 in
1034 1828 1122 1871 hoc
1153 1842 1335 1885 genere.

369 1908 409 1963 ς.
444 1910 484 1947 2.
548 1905 708 1946 'l'ertio
756 1905 858 1944 loco
908 1902 1311 1945 adnumerandum
1362 1910 1433 1945 est
1480 1902 1700 1956 adjectivi
1748 1900 1826 1952 ἐΰς
1865 1919 2010 1960 genus

215 1973 460 2010 'neutrum
505 1963 716 2007 adverbii
749 1964 896 2006 vicem
932 1962 1127 2019 explens
1160 1963 1211 2005 in
1244 1963 1516 2020 compositis
1548 1970 1782 2019 potestate
1814 1963 2010 2020 duplici;

243 2041 351 2069 nam
395 2028 446 2067 in
480 2024 668 2074 εὔξενος
701 2025 936 2080 propriam
969 2037 1100 2065 suam
1134 2024 1521 2078 significationem
1557 2023 1761 2075 obtinet,
1808 2023 2010 2080 ideoque

242 2090 300 2131 ab
343 2087 577 2142 adjectivo
620 2084 782 2127 divelli
822 2085 952 2127 nullo
994 2091 1130 2140 pacto
1163 2090 1341 2140 potest;
1388 2084 1574 2140 saepius
1607 2097 1719 2126 vero
1752 2085 2009 2140 particulae

243 2236 475 2277 sumendum
509 2236 575 2275 sit.
637 2235 683 2274 In
715 2234 874 2274 Phalar.
905 2234 978 2284 Ep.
1013 2232 1247 2274 CXXVIII.
1280 2236 1315 2273 1.
1345 2231 1449 2272 πολὺ
1483 2232 1594 2272 δεινὰ
1626 2232 1885 2283 βεβούλευσαι
1916 2234 2005 2273 κατ’

242 2289 339 2336 ἐμοῦ
362 2286 597 2348 Lennepius
622 2283 752 2323 πολλὰ
777 2285 844 2323 καὶ
869 2281 977 2322 δεινά
1002 2283 1125 2323 scribi
1142 2284 1274 2338 jubet3
1308 2283 1439 2322 lenius
1465 2282 1679 2323 remedium
1694 2284 1861 2335 praebet
1877 2282 2010 2322 πάλαι,

240 2334 386 2376 Πολλὰ
410 2337 536 2381 δεινος
563 2335 685 2386 Soph.
711 2335 805 2375 Ant.
832 2335 943 2374 1034.
967 2345 1039 2386 pro
1065 2331 1172 2371 πανὺ
1197 2334 1229 2372 δ.
1246 2333 1416 2385 positum
1432 2332 1592 2373 videtur
1607 2336 1651 2372 ut
1667 2331 1818 2373 πολλὸν
1833 2331 2012 2379 ἁναλθές

237 2389 328 2477 ffic.
340 2386 627 2478 eefllussssoe
664 2382 774 2424 πόλλ’
826 2381 977 2427 ἄθλιος
1014 2395 1052 2421 v.
1090 2381 1235 2424 Valck.
1282 2383 1464 2425 Phocum
1506 2384 1593 2425 6244
1641 2381 1771 2427 πυκνὰ
1817 2384 2011 2434 ρωγαλέος
