2221 2815
1105 206 1137 249 4

229 326 429 376 talibus,
478 325 727 380 praecipue
772 325 1000 379 propriis,
1058 322 1370 379 Παναχαιοί,
1418 322 1796 382 Πανέλληνεςῖ).
1867 323 1998 366 Haec

229 399 330 428 cum
364 398 472 427 casu
504 392 628 426 recto
663 383 910 437 conjuncta
943 391 1054 425 sunt
1069 382 1250 432 πάντες
1269 382 1463 438 Ἀχαιοί
1479 391 1562 426 etc.
1578 383 1815 441 prioribus
1838 383 1998 425 subest

226 444 501 489 adverbium
535 441 730 490 πάντως
763 443 838 485 vel
871 456 1003 485 casus
1036 442 1256 499 obliquus
1288 441 1413 485 naz-o?
1446 441 1609 487 πάντα
1642 443 1835 493 ἄθλιος,
1876 441 1998 485 ποίν-

225 519 325 548 των
367 501 622 560 βασιλεύς,
671 503 881 546 omnium
924 509 1080 546 autem
1121 502 1302 546 nullum
1345 510 1417 546 est
1448 503 1577 560 quod
1607 503 1861 560 syntheton
1895 515 1996 545 esse

223 579 321 608 non
365 565 626 607 conveniat.
689 562 809 605 Nam
855 577 957 606 cum
999 563 1245 620 adjectivis
1285 564 1475 619 quidem
1510 566 1800 608 accusativus
1833 561 1995 606 πάντα

222 638 347 666 nunc
379 624 592 678 synthesi
624 624 917 665 connectitur
940 620 1278 681 παντοίγαθος,
1311 622 1641 679 παντάριστος
1665 625 1780 667 etin
1796 636 1993 666 numero

223 684 447 739 singulari
491 684 805 740 πανάγαθος,
854 681 1160 733 πανείκελος,
1209 696 1334 724 nunc
1372 678 1768 738 parataxi'na'vt'
1804 682 1994 740 ἀγαθός

222 742 366 786 πάντ’
401 742 582 791 εἴκελος
615 750 665 784 ut
696 740 841 785 πάντ’
877 742 1037 785 εἰκυῖα
1068 741 1226 796 Quint.
1255 741 1363 785 XII.
1399 744 1498 785 107.
1532 756 1574 784 v,
1608 741 1667 784 ad
1701 741 1988 797 Aj.v.1415.

222 804 316 847 Sed
348 818 450 846 cum
485 805 795 846 substantivis
828 817 923 846 una
954 805 1139 846 ratione
1171 800 1442 854 παντοίναξ,
1475 800 1809 861 παντεργοίτης
1834 810 1881 844 et
1897 802 1990 845 alia

220 864 460 906 veteribus
503 864 764 919 acqualiter
803 864 977 919 ignota.
1042 862 1367 919 Appositionis
1408 863 1625 919 exempla
1662 863 1794 905 nulla
1824 862 1988 904 iuveni
2024 869 2027 873 “

221 925 313 967 nisi
355 924 481 980 quod
522 924 828 967 Hermannus
868 924 918 966 in
959 923 1204 979 Sophoclis
1237 922 1344 966 Ant.
1382 926 1480 966 717.
1516 922 1677 978 ἄνδρα
1708 920 1853 966 πάντ’
1888 921 1988 965 ἐπι-

222 981 403 1039 στήμης
437 983 595 1026 πλέων
631 982 812 1025 duobus
846 983 1086 1025 vocabulis
1118 980 1267 1025 πάντ’
1299 982 1538 1039 ἐπιστήμη
1574 995 1716 1025 unum
1736 981 1987 1039 significari

220 1044 475 1086 arbitratur
523 1044 783 1098 perfecta
830 1049 1336 1097 consummataque
1384 1044 1655 1093 scientia,
1703 1057 1794 1098 quo
1845 1041 1985 1084 modo

218 1103 361 1144 etiam
395 1103 559 1144 Trach.
594 1105 695 1143 338.
723 1098 914 1143 τούτων
944 1099 1089 1142 πάντ’
1122 1099 1395 1156 ἐπιστήμην
1422 1101 1517 1155 ἔχω
1534 1102 1768 1157 accepisse
1785 1100 1984 1142 videtur.

218 1161 313 1206 Sed
345 1169 392 1205 et
418 1162 507 1205 hoc
539 1162 676 1205 aliter
707 1162 1046 1217 interpretatur
1077 1159 1355 1204 Schaeferus
1386 1159 1510 1205 κατὰ
1544 1158 1730 1213 πάντα,
1764 1160 1985 1217 idemque

217 1222 417 1278 quadrat
449 1222 509 1263 ad
540 1223 674 1262 illum
709 1223 860 1262 locum
897 1219 1020 1276 ἀνὴρ
1054 1223 1177 1262 nato?
1212 1219 1375 1262 πάντα
1407 1219 1673 1275 ἐπιστήμης
1704 1220 1856 1267 πλέως
1882 1221 1982 1261 sive

215 1297 308 1326 uno
360 1282 588 1327 vocabulo
639 1279 1026 1338 πανεπιστήμων
1077 1288 1124 1325 et
1171 1280 1291 1325 nihil
1330 1280 1488 1326 obstat
1525 1282 1776 1339 quominus
1818 1277 1981 1325 πάντα

213 1357 298 1398 pro
331 1344 594 1384 masculino
625 1344 809 1384 numeri
843 1342 1092 1397 singularis
1127 1342 1382 1383 habeamus
1415 1347 1506 1387 πᾶς
1537 1342 1689 1389 πλέως
1719 1340 1982 1396 ἐπιστήμης

213 1411 368 1447 totus
414 1402 671 1447 refertus
720 1403 917 1446 scientia
964 1402 1083 1446 sicut
1130 1401 1256 1445 idem
1302 1409 1445 1459 poeta
1491 1400 1614 1447 dixit
1645 1404 1737 1451 πᾶς
1770 1399 1982 1461 ἄναγνος

212 1472 371 1504 totus
412 1465 748 1505 sceleratus.
814 1463 947 1504 Adeo
993 1476 1127 1503 cerea
1166 1470 1239 1504 est
1276 1470 1523 1517 poetarum
1564 1463 1892 1518 interpretatio
1934 1470 1982 1501 et

213 1522 433 1568 flexibilis
465 1525 516 1566 iu
550 1535 875 1581 quamcunque
908 1529 1090 1579 partem
1124 1520 1330 1565 ducatur.
1411 1520 1527 1569 Cum
1562 1525 1661 1565 πᾶν
1695 1522 1982 1565 conveniunt

209 1583 335 1640 μέγα
377 1592 424 1624 et
461 1583 597 1625 πολύ.
661 1583 785 1624 Illud
826 1590 994 1637 poetae
1033 1583 1216 1637 antiqui
1255 1582 1529 1637 frequenter
1555 1584 1866 1637 praemittunt
1897 1580 1979 1622 ad-

203 1643 392 1696 jectivis
436 1644 502 1685 sic
542 1650 594 1684 ut
631 1642 887 1698 particulae
928 1642 1175 1697 epitaticae
1214 1642 1310 1684 vim
1345 1641 1559 1683 obtineat
1586 1639 1714 1700 μέγα
1747 1636 1976 1696 νήπιος’)

208 1701 318 1760 μέγ’
354 1701 552 1758 ἄριστος
585 1710 632 1743 et
662 1701 900 1743 interdum
938 1702 1079 1743 etiam
1112 1701 1362 1756 scriptores
1394 1702 1607 1757 poeticae
1640 1701 1837 1744 dictioni
1868 1713 1973 1756 pro-

208 1764 365 1818 piores
406 1761 532 1822 μέγα
574 1761 740 1818 ὄλβιος
778 1760 955 1804 Herod.
993 1759 1120 1820 μέγα
1160 1758 1419 1817 εὐδαίμων
1458 1760 1674 1818 Xenoph.
1715 1774 1757 1804 v.
1790 1759 1974 1804 Jacobs.

330 1910 381 1967 2)
422 1913 765 1966 Appellativorum
797 1914 1017 1966 exemplum
1040 1914 1197 1955 unicum
1221 1917 1286 1955 est
1310 1913 1480 1966 Oppiani.
1504 1914 1603 1967 Cyn.
1629 1913 1665 1954 Ι.
1689 1915 1781 1955 453.
1803 1918 1972 1967 μέροπες

202 1966 276 2013 μὲν
318 1962 472 2013 ὄμμασι
496 1961 760 2022 ’τεκμήραντο
801 1965 992 2009 κέλευθα,
1033 1963 1263 2023 μυξωτῆρσι
1293 1962 1406 2011 κύγες
1437 1965 1479 2003 δὲ
1509 1966 1698 2014 πανίχνια
1729 1962 1970 2013 σημήναντο,

202 2011 308 2065 quod
326 2023 416 2102 {¹⁹⁰
448 2025 584 2051 παντα
615 2012 721 2076 ἴχνια
753 2014 953 2066 accipitur.
1006 2012 1087 2053 Sed
1119 2012 1253 2055 dublto
1278 2024 1332 2073 ap
1355 2013 1634 2068 corrigendum
1657 2013 1712 2052 sit
1735 2012 1848 2104 5:5⁵ss
1863 2012 1971 2106 iim

202 2076 291 2113 σημ.
322 2077 336 2102 1
398 2066 465 2101 est
496 2075 554 2101 πα
579 2075 836 2121 εσημηναντα
885 2064 964 2102 Pro
995 2063 1238 2113 πανὸείματι
1270 2063 1381 2103 Pmd.
1407 2065 1476 2104 Tr.
1504 2062 1691 2121 cxcvi.
1716 2075 1787 2124 ist:⁷
1849 2075 1876 2123 13

200 2112 468 2161 πανδείματοι
507 2122 558 2150 ve
604 2117 650 2150 ut
680 2112 883 2164 Bergkius
914 2112 1213 2162 πανὸείμαντοι.
1262 2113 1310 2151 In
1343 2112 1466 2164 Soph.
1498 2112 1602 2152 Phil.
1631 2113 1720 2151 915.
1755 2127 1785 2150 ω
1816 2126 1894 2165 πυρ
1921 2110 1976 2151 σὺ

200 2162 267 2201 καὶ
291 2163 373 2201 πᾶν
399 2161 517 2211 δεῖμα
542 2171 657 2202 nemo
681 2162 852 2202 tentavit
875 2158 1072 2213 πάνδειμα
1095 2172 1332 2215 proponere.

324 2219 385 2312 δὲ
420 2223 502 2262 Pro
535 2223 853 2283 μεγαλοιςηπιους
877 2224 1019 2286 Τφθῐι.
1044 2224 1098 2263 ad
1121 2224 1223 2264 Hes.
1248 2222 1353 2275 Opp.
1382 2225 1469 2262 129.
1496 2222 1600 2282 quod
1623 2224 1666 2263 in
1692 2223 1812 2263 Thes.
1838 2223 1961 2280 ciuis-

198 2284 332 2331 ⁶¹¹¹¹·¹'·
387 2271 453 2311 ‘¹⁶‘
478 2275 659 2361 ciffi?
685 2273 804 2361 “1²43ss
828 2286 1003 2362 273⁰&
1017 2273 1230 2362 2¹⁰⁶l³⁸lssz
1253 2271 1965 2364 vqss‘lomssffa‘lssldimossl’efflffi'emffiffit

196 2325 459 2412 ἓῗῖἳὲξΐιηιθιῖὶ
484 2333 703 2416 guozdec—ws-
729 2350 830 2413 εἶναι
852 2351 948 2413 ἀντὶ
955 2337 1048 2412 pli-gi>
1058 2337 1177 2413 ςπάνυ
1194 2371 1246 2418 ὥς
1261 2337 1329 2412 agel
1347 2335 1396 2412 ἐξ
1405 2343 1453 2427 τέ’]
1470 2384 1568 2419 συνη
1607 2335 1676 2422 sig
1684 2373 1808 2426 μέγας
1824 2371 1964 2424 μῶρος.
