2221 2815
1128 170 1159 216 5

260 290 321 333 ad
353 289 540 334 Aelian.
573 304 625 348 Ρ.
671 293 743 334 62.
792 301 879 331 nec
925 288 1076 332 solum
1124 280 1367 344 adjectivis
1406 287 1488 331 sed
1522 289 1664 332 etiam
1696 288 2020 340 substantivis,

258 361 378 406 quae
422 357 670 401 vocantur,
718 347 1007 392 attributivis
1051 347 1161 408 μέγ’
1211 347 1334 397 ἄναξ
1381 347 1498 395 Hes.
1544 348 1717 404 Theog.
1756 351 1861 392 486.
1907 348 2017 406 μέγ’

259 408 515 467 ἐϋμμελίης
546 407 705 461 Quint.
738 406 815 452 IV.
845 409 947 451 127.
978 408 1115 452 Illam
1148 422 1260 453 vero
1285 409 1559 451 interiorem
1578 410 1867 461 societatem,
1899 422 2021 466 quae

257 469 471 526 synthesi
512 469 731 523 efficitur,
772 481 872 512 cum
907 475 1073 512 neutro
1105 469 1270 513 horum
1304 482 1526 524 generum
1560 469 1684 512 coire
1717 469 1858 521 solet3
1905 482 2019 512 nam

255 544 341 587 pro
374 528 703 589 Μεγοίφρονες
731 528 1096 603 μεγαλόφρονες
1126 529 1159 585 ἤ
1186 527 1409 588 μεγάλως
1443 528 1654 585 ἄφρονες
1685 528 1801 572 Hes.
1820 528 2018 586 Stepha-

255 603 344 632 nus
382 603 493 632 vere
526 591 714 646 corrigit
739 587 849 647 μεγ’
884 588 1097 646 ἄφρονες
1127 589 1283 632 deleto
1315 589 1549 644 proximo,
1582 588 1707 644 quod
1738 589 2019 644 Lexicogra-

253 649 375 705 phus
413 651 513 705 ipse
554 651 799 693 damnavit
838 648 1073 704 adscripto
1104 647 1136 703 ἤ
1165 646 1388 706 μεγάλως
1416 647 1640 704 ἄφρονες.
1703 646 2017 707 Μεγατίμιος

254 715 326 751 ter
371 709 540 765 legitur
584 710 635 752 in
681 707 942 763 Theophyl,
990 707 1103 749 Sim.
1148 706 1273 749 Hist.
1308 707 1344 748 l.
1396 708 1465 758 lo,
1499 709 1571 749 21.
1618 706 1673 750 A.
1704 708 1790 750 ΙΙΙ.
1838 710 1910 758 12,
1948 711 2016 750 78.

253 768 312 812 D.
345 768 423 813 IV.
461 774 500 821 7,
536 771 636 812 100.
663 769 712 812 Β.
747 776 797 811 ut
828 768 878 810 in
911 766 1011 810 cod.
1040 766 1222 810 Aelian.
1254 766 1317 810 H.
1353 766 1442 810 An.
1476 766 1511 810 I.
1547 769 1617 811 59.
1652 767 1733 811 sed
1761 768 2014 825 disparatis

251 829 445 871 vocibus
476 825 583 884 ’χεὶρ
615 828 742 886 μέγα
773 826 916 882 τιμία
947 825 1026 868 IV.
1060 830 1102 877 3,
1136 827 1208 871 93.
1241 826 1501 882 eodemque
1530 827 1670 869 modo
1689 828 1814 884 apud
1830 828 2015 871 Aelian.

249 888 305 932 V.
338 887 400 932 H.
431 887 536 932 VII.
570 892 611 931 8.
645 886 774 936 Suid.
808 901 843 930 s.
877 884 1097 943 Μίλητος
1127 886 1171 943 p.
1208 889 1307 930 765.
1342 885 1413 929 ed.
1431 886 1601 931 Bernh.
1635 894 1682 930 et
1711 888 1845 932 alios.
1909 889 2017 933 Με-

252 947 468 1008 γακήρυξ
508 947 869 990 condonandum
903 953 976 989 est
1006 946 1256 989 Theodoro
1289 946 1574 998 Prodromo,
1624 948 1706 1002 qui
1738 949 1777 989 si
1807 953 2014 1006 μεγαλο-

251 1007 402 1064 κήρυξ
433 1009 708 1063 scripsisset,
739 1008 1022 1059 insolentiae
1053 1006 1250 1050 haberet
1274 1007 1452 1060 minus;
1486 1006 1574 1049 hoc
1601 1007 1727 1050 enim
1753 1008 2014 1064 complures

251 1068 389 1121 hujus
427 1068 623 1109 inscitae
663 1068 831 1109 aetatis
870 1068 1119 1122 scriptores
1152 1073 1347 1107 utuntur
1378 1073 1429 1107 ut
1458 1066 1645 1108 Nicetas
1678 1067 1799 1109 Ann.
1832 1068 1935 1111 XX.
1969 1072 2013 1114 6.

252 1129 354 1171 373.
395 1134 441 1170 et
479 1127 561 1170 alii
601 1140 644 1170 v.
683 1126 744 1171 ad
787 1125 958 1182 Phryn.
990 1127 1094 1170 600.
1127 1124 1458 1169 sed'neutrum
1490 1139 1546 1169 eo
1579 1126 1706 1170 valet
1737 1133 1790 1170 ut
1821 1125 2013 1171 Schnei-

251 1187 364 1228 dero
405 1187 464 1228 ad
498 1188 616 1232 Plat.
649 1186 749 1229 civ.
781 1188 833 1228 Τ.
870 1187 959 1228 111.
992 1199 1035 1241 p.
1067 1190 1141 1227 40.
1174 1187 1424 1227 concedam
1461 1187 1703 1229 Platonem
1735 1188 2011 1244 μεγαβασι-

250 1244 358 1297 λεύς
405 1246 559 1291 dicere
604 1247 835 1305 potuisse,
887 1244 1011 1304 quod
1056 1245 1108 1290 in
1155 1258 1251 1289 uno
1282 1244 1392 1289 cod.
1424 1245 1647 1304 scriptum
1682 1254 1765 1291 est.
1827 1245 1902 1291 Ab
1935 1246 2009 1291 his

249 1309 457 1364 separari
491 1314 676 1363 oportet
707 1307 1088 1366 μεγαβρεμέτης,
1117 1306 1495 1364 μεγασθενέτης,
1530 1321 1649 1363 quae
1666 1318 1791 1350 recte
1808 1309 1894 1351 sub
1912 1323 2008 1351 uno

245 1377 486 1425 ponuntur
510 1373 703 1412 accentu
727 1364 1126 1425 ιιῐ·ἐριβρεμέτης,
1156 1365 1598 1426 μεγαλοβρεμέτης·
1639 1380 1748 1411 nam
1775 1367 2008 1426 simplicia

244 1428 483 1484 βρεμέτης
510 1427 741 1482 σθενέτης
773 1442 869 1470 non
902 1428 1049 1482 magis
1080 1428 1132 1468 in
1163 1441 1247 1469 usu
1281 1435 1391 1469 sunt
1423 1442 1560 1483 quam
1596 1427 1835 1484 δερκέτης,
1866 1432 2008 1485 μενέ·

246 1504 329 1544 της
361 1495 407 1531 et
438 1489 511 1531 his
544 1488 730 1531 similia.
761 1512 823 1521 -
861 1485 1159 1542 Adjectivum
1192 1484 1314 1530 πολύ
1345 1493 1514 1544 poetae
1547 1486 1774 1531 adhibent
1804 1489 2006 1547 amplifi-

248 1549 425 1590 candae
485 1548 822 1602 adjectivorum
880 1547 1211 1601 significationi
1256 1547 1563 1598 πολύκοινος,
1628 1548 2004 1603 πολυδαίδαλος,

236 1616 420 1661 ‚cetera5
469 1621 561 1663 quo
609 1606 668 1657 de
714 1620 883 1662 genere
931 1606 1078 1649 multa
1125 1606 1374 1662 scriptores
1422 1607 1696 1664 posterioris
1745 1609 1913 1652 aetatis
1952 1611 2002 1652 in

247 1669 449 1710 solutum
484 1668 764 1709 transtulere
796 1680 1061 1709 sermonem
1095 1663 1422 1724 πολοοίγαθος,
1455 1666 1751 1724 πολύσοφος,
1786 1670 2003 1724 πολυμά-

244 1744 402 1780 ταιος,
440 1724 771 1785 πολύφαυλος,
816 1724 1100 1783 πολύξηρος,
1141 1725 1502 1779 πολυποίκιλος,
1545 1727 1670 1784 quod
1703 1729 1843 1772 etiam
1879 1743 2002 1773 nunc

243 1791 294 1830 in
326 1802 413 1830 usu
445 1795 537 1838 est,
578 1794 625 1829 et
655 1786 939 1840 trisyntheta
970 1784 1363 1844 πολυάγρυπνος,
1403 1785 1880 1846 πολυεύσπλαγχνος,
1915 1807 2001 1832 πο-

242 1846 519 1903 λυεύπορος,
551 1846 676 1904 quod
709 1846 796 1889 hoc
824 1845 966 1889 modo
999 1859 1072 1903 ap.
1094 1844 1356 1889 Cedrenum
1375 1846 1559 1903 legitur,
1584 1847 1669 1891 sub
1687 1847 1869 1893 duobus
1886 1862 1999 1893 vero

244 1908 508 1951 accentibus
550 1921 623 1962 ap.
656 1907 876 1950 Malelam
913 1906 1212 1962 improbante
1253 1907 1442 1963 quidem
1477 1907 1729 1951 Schaefero
1763 1909 1825 1952 ad
1856 1910 1998 1954 Dion.

240 1981 286 2025 p.
315 1972 416 2010 200.
437 1967 480 2013 b.
512 1967 594 2009 sed
627 1966 808 2010 difficili
840 1973 886 2009 et
918 1965 976 2008 ad
1009 1966 1358 2009 assentiendum
1393 1973 1440 2008 et
1471 1967 1531 2009 ad
1564 1975 1726 2012 contra
1748 1969 1997 2014 dicendum

243 2029 459 2084 optione;
542 2040 650 2069 nam
698 2027 927 2070 diastolae
974 2039 1159 2082 quoque
1206 2027 1423 2084 exempla
1470 2041 1565 2071 non
1614 2028 1802 2073 desunt:
1875 2030 1996 2075 πολύ

244 2085 488 2145 ἀφόρητος
529 2087 714 2129 Lucian.
758 2087 879 2128 Dial.
918 2086 1032 2129 Mer.
1081 2086 1163 2129 IX.
1211 2086 1252 2145 ξ
1295 2091 1335 2129 3,
1384 2087 1504 2130 πολϋ
1554 2088 1728 2144 εὔηθες
1776 2090 1997 2147 Palaeph.

242 2165 277 2193 c.
310 2147 438 2201 XXI,
475 2144 573 2206 l.⁴)
603 2146 803 2207 βροτῶν
835 2144 955 2191 noaz>
989 2143 1243 2205 πάνσοφος
1276 2146 1434 2191 ἄλλων
1467 2148 1608 2192 Anth.
1632 2147 1756 2193 XIV.
1778 2151 1877 2194 102.
1911 2165 1997 2209 pro

364 2286 415 2343 4)
457 2288 504 2328 In
531 2286 723 2329 Themist-
746 2286 886 2328 XXII.
908 2288 999 2328 281.
1026 2286 1077 2326 A.
1116 2284 1219 2327 πολὺ
1253 2286 1294 2326 δὲ
1326 2285 1534 2341 ἀθόρυβος
1563 2287 1706 2341 ἡσυχία
1736 2295 1892 2342 κατεῖχε
1925 2290 1998 2332 τὸν

242 2337 369 2378 τόπον
401 2337 631 2390 Stephanus
668 2336 820 2378 dubitat
856 2339 984 2377 utrum
1022 2333 1125 2376 πολὺ
1156 2337 1198 2380 in
1231 2336 1356 2377 πολλτ’
1388 2337 1612 2379 mutandum
1641 2350 1693 2379 an
1726 2351 1798 2390 pro
1831 2342 1999 2381 ὲπιπολύ
