2221 2815
289 401 413 459 De
445 393 993 457 vocabulorum
1027 408 1479 470 graecorum
1513 398 1904 469 parenthesi

914 528 1053 572 pars
1086 517 1275 559 tertia.

216 732 604 814 Inseparabilia
636 763 745 798 sunt
777 754 1003 798 adverbia
1034 755 1215 810 priscae
1248 754 1620 806 consuetudinis,
1666 770 1784 812 quae
1817 764 1984 801 tractat

219 816 374 865 Schol
415 816 469 859 ΙΙ.
497 814 669 859 XXIV.
702 818 805 858 657.
838 812 967 859 πόσα
998 813 1120 871 μέρη
1155 811 1258 857 ἐστὶ
1289 829 1343 856 το
1379 819 1664 888 ποσσῆμαρ,
1713 815 1766 858 ἕν
1798 816 1891 875 γάρ
1925 817 1982 861 ου’

221 875 435 920 δύναται
482 873 613 918 εἶναι
665 873 799 917 διότι
850 873 1086 917 οὐδέποτε
1133 872 1460 930 πυσματικόν
1488 875 1635 931 μέρος
1682 875 1828 951 λόγου
1869 895 1984 933 προ-

220 935 457 981 τάσσεται
496 934 790 1011 ἐξῃρημένον
831 937 921 979 τοῦ
961 933 1203 984 ποδαπός·
1254 933 1346 978 δύο
1381 932 1436 977 δὲ
1468 934 1616 978 πάλιν
1650 935 1707 979 ου’
1742 936 1986 981 δύνανται

222 995 371 1039 εἶναι·
423 995 604 1052 εἰρήκει
635 1012 727 1055 γαρ
763 996 826 1039 ἄν
857 994 986 1039 πόσα
1016 994 1194 1051 ἤματα.
1253 994 1615 1052 ’.Απορουμένου
1642 995 1815 1041 τοίνυν
1834 997 1987 1043 αὐτοῦ

221 1055 421 1101 κάλλιόν
453 1056 558 1100 ἐστι
589 1056 745 1116 λέγειν
779 1056 832 1099 ἕν
865 1054 996 1100 εἶναι
1024 1055 1171 1113 μέρος
1204 1051 1383 1112 ὅμοιον
1411 1061 1477 1110 τῶ
1509 1055 1753 1113 ἐννῆμαρ,
1787 1057 1985 1116 ἑξῆμαρ,

224 1117 464 1174 αυτῆμαρ,
497 1117 624 1173 quod
655 1118 794 1173 vulgo
829 1116 1116 1173 αὐθημερόν
1149 1117 1319 1160 dicitur
1346 1124 1397 1159 ut
1431 1114 1667 1174 αὐθωρόν
1684 1126 1731 1161 et
1749 1118 1985 1169 αὐτόετες.

223 1178 369 1221 Nobis
418 1178 532 1220 haec
579 1191 730 1235 paene
776 1176 942 1235 putida
984 1177 1168 1219 videtur
1208 1177 1511 1228 consultatio,
1559 1179 1642 1220 sed
1680 1179 1987 1223 Herodianus

227 1252 326 1281 non
373 1239 580 1281 alienum
622 1237 855 1292 judicavit
902 1236 1165 1280 errantibus
1213 1251 1452 1280 occurrere
1499 1240 1829 1296 παραιτητέον
1874 1257 1988 1291 τους

224 1313 347 1341 κατα
405 1295 636 1341 διάλυσιν
693 1296 1133 1357 ἀναγινώσκοντας.
1228 1296 1344 1340 Cum
1395 1297 1577 1354 ἑξῆμαρ
1627 1306 1673 1340 et
1721 1302 1887 1343 ceteris
1935 1303 1985 1343 in

224 1358 327 1402 EM.
363 1360 465 1408 343,
501 1361 573 1405 50
606 1357 846 1400 confertur
876 1360 1122 1413 πανῆμαρ,
1157 1357 1286 1412 cujus
1319 1359 1548 1414 scriptura
1580 1365 1884 1404 controversa
1917 1370 1989 1404 est

229 1418 313 1460 Od.
351 1417 487 1465 XIII
529 1421 599 1460 31.
644 1416 765 1493 ανὴρ
809 1436 840 1472 ῳ
876 1433 928 1460 τε
961 1422 1192 1474 πανῆμαρ
1225 1415 1318 1473 βόε
1351 1417 1550 1474 ἕλκητον
1582 1418 1814 1476 ἄροτρον·
1874 1434 1984 1465 nam

226 1478 570 1555 Aristophanes
607 1477 696 1522 οὐκ
736 1478 787 1521 ἓν
830 1477 1065 1522 συνθέσει
1115 1476 1232 1520 ἅλλοί
1282 1482 1382 1521 πᾶν
1431 1475 1535 1521 εἶτα
1584 1478 1690 1524 κατ’
1743 1479 1882 1525 ἰδίαν
1930 1483 1986 1524 τὸ

226 1537 381 1594 ἦμαρ,
424 1540 523 1581 sive
555 1539 596 1581 is
630 1542 729 1581 πᾶν
764 1539 933 1595 corripi
967 1552 1103 1594 posse
1134 1540 1318 1595 putavit
1350 1546 1401 1581 ut
1433 1541 1591 1592 ἅπαν,
1632 1539 1852 1599 πρόπαν,
1887 1544 1987 1586 sive

229 1598 263 1655 ᾧ
294 1600 349 1642 θ’
382 1596 510 1643 ἅπαν
547 1600 744 1656 scripsit.
761 1597 805 1656 ¹)
869 1599 924 1642 In
958 1597 1115 1651 Quint.
1149 1599 1199 1641 L.
1233 1598 1317 1644 ΙΙΙ.
1351 1601 1450 1642 713.
1482 1599 1988 1660 ἄνεμοι-πανῆμαρ

228 1677 310 1704 και
358 1658 510 1703 νύκτα
557 1660 701 1704 νέκυν
749 1658 1185 1717 περιποιπνύοντες
1230 1660 1553 1715 reponendum
1597 1668 1667 1704 est
1706 1667 1807 1705 πᾶν
1837 1661 1985 1719 ἦμαρ,

233 1720 357 1778 quod
405 1719 716 1763 Schneiderus
751 1720 968 1777 Oppiano
1015 1718 1226 1762 reddidit
1256 1719 1366 1763 Hal.
1400 1718 1476 1762 IV.
1513 1723 1612 1763 178.
1648 1719 1724 1764 ἀει
1753 1728 1986 1781 πανῆμαρ

227 1780 322 1826 ὑπο
367 1784 666 1839 γλαφυροῖσι
705 1784 915 1836 μυχοῖσι
946 1778 1112 1835 κίχλαι
1143 1779 1486 1834 ναιετάουσιν,
1531 1781 1608 1824 ubi
1641 1796 1739 1825 non
1770 1798 1871 1840 per
1902 1794 1987 1827 to-

227 1851 344 1890 tum
377 1841 523 1887 diem
559 1842 790 1897 significat
820 1840 902 1884 sed
933 1855 1035 1897 per
1058 1854 1222 1883 omne
1247 1848 1470 1897 tempus
1495 1849 1546 1884 ut
1565 1842 1784 1898 Apoll-on.
1804 1845 1865 1888 11.
1885 1850 1985 1889 530.

227 1902 409 1947 Eadem
438 1901 605 1945 vocula
637 1901 797 1944 crebro
830 1902 1126 1957 componitur
1157 1915 1258 1944 cum
1293 1901 1560 1955 adjectivis:
1599 1902 1656 1945 τὸ
1689 1908 1789 1947 πᾶν
1822 1922 1988 1950 συντι·

227 1973 450 2030 θέμενον
479 1972 530 2013 ἐν
564 1968 691 2031 αρχῇ
722 1975 806 2027 τῆς
836 1970 1000 2021 λέξεως
1033 1970 1278 2014 συστέλλει
1310 1988 1363 2014 το
1401 1988 1454 2024 α,
1486 1972 1782 2027 πανάθλιος,
1816 1992 1986 2019 παντε-

230 2052 326 2090 ρος,
359 2030 689 2089 παμπόνηρος,
722 2031 844 2088 πλὴν
876 2048 960 2075 του
995 2029 1278 2086 πανάπαλος
1310 2032 1518 2089 Epim.1.
1544 2035 1648 2087 338,
1683 2036 1752 2078 17.
1786 2035 1867 2080 sed
1900 2036 1990 2080 hoc

231 2096 324 2137 arsi
356 2093 631 2150 productum
667 2100 748 2135 est.
811 2093 876 2135 Et
896 2106 1000 2139 cum
1016 2092 1324 2139 substantivis
1341 2095 1516 2148 partim
1534 2094 1786 2150 slngulans
1802 2110 1988 2141 numen

232 2153 521 2214 πανήγυρις,
555 2151 873 2215 πανηγεμαίν,
905 2151 1261 2211 παμπρύτανις,
1295 2153 1650 2210 παμβασιλεύς,
1681 2157 1853 2212 partim
1885 2159 1988 2215 plu-

360 2304 413 2360 1)
453 2300 513 2347 Ωἷ
536 2307 617 2347 πᾶν
640 2300 746 2359 ἦμαρ
770 2305 978 2359 proposuit
1000 2304 1215 2350 Nmkius-
1231 2305 1273 2349 in
1296 2306 1501 2358 Aristoph.
1525 2307 1687 2361 Fragm.
1713 2320 1752 2360 p.
1774 2309 1835 2349 53.
