2221 2815
1086 179 1111 218 8

218 312 357 345 οντος
387 295 615 353 Ἀράξεω,
649 294 869 352 ῳιιὺεά
901 297 1146 340 notionem
1181 297 1408 354 simplicis
1439 295 1602 352 εὐρύς,
1632 296 1803 352 βαθύς
1837 296 1986 353 redigi

213 364 373 414 potest
414 356 498 399 sed
539 361 638 397 non
678 355 749 398 ita
785 357 890 406 τοῖς
928 353 983 397 δὲ
1014 355 1150 411 βαρΰ
1186 355 1441 412 στενάχων
1470 355 1655 413 μετέφη
1690 355 1850 400 11..1V.
1885 359 1984 400 153.

222 416 345 465 Ζεύς
377 414 493 471 εὕρι)
529 412 769 459 ἀνάσσων
795 412 1059 470 Ὀλυμπίας
1092 415 1336 459 Pind..Ol.
1369 416 1499 460 XIII.
1533 420 1605 460 34.
1667 415 1772 460 Hac
1801 418 1986 463 mone

217 477 378 519 ductus
428 475 614 519 Gracfio
664 474 833 517 accedo
880 475 931 516 in
977 474 1131 517 Nonn.
1180 476 1322 518 Dion.
1372 476 1457 519 XI.
1504 479 1607 519 237.
1656 475 1812 525 ἄνθος
1857 476 1986 532 ταχύ

216 534 464 595 φθιμένης
506 533 762 592 ἀνεμώης
800 535 851 578 in
887 549 1033 578 unum
1077 535 1373 579 contrahenti
1414 543 1639 592 tanquam
1674 538 1984 593 compositum

212 605 265 640 ut
304 594 664 654 νεοφθίμενος,
715 594 801 638 sed
838 596 890 638 in
932 595 1155 653 Paraphr.
1195 595 1274 639 VI.
1319 597 1420 638 115.
1454 596 1768 652 praeferenda
1799 597 1987 641 videtur

214 657 434 701 diastasis
499 654 675 700 ἐάσατε
742 653 1031 714 σύνδρομον
1098 655 1269 714 αὔραις
1327 655 1479 699 δαῖτα
1533 655 1659 712 ταχύ
1717 657 1984 714 φθιμένην.

213 716 491 775 Quanquam
534 717 622 759 hoc
662 730 760 759 non
801 718 869 759 ita
912 725 1126 773 apertum
1172 717 1423 761 discrimen
1464 724 1535 759 est
1576 725 1628 760 ut
1660 730 1848 774 quoquo
1881 717 1984 761 loco

212 784 460 835 appareat,
508 790 606 820 non
647 776 800 820 solum
841 777 892 819 in
932 777 1020 819 hoc
1061 791 1232 834 genere
1274 777 1608 821 vocabulorum
1652 777 1735 821 sed
1768 779 1910 823 etiam
1943 779 1986 821 si

214 839 423 897 partipia
469 836 710 881 adverbiis
752 837 1073 895 applicantur,
1135 838 1193 881 de
1226 852 1317 896 quo
1350 839 1401 881 in
1434 839 1574 882 tertia
1600 838 1741 898 hujus
1775 833 1984 897 disputa-

210 900 355 942 tionis
395 905 531 956 parte
576 898 768 941 dicetur.
834 898 941 941 Duo
986 898 1222 953 adjectiva
1254 900 1494 956 qualitatis
1527 906 1871 957 componuntur
1903 906 1986 944 aut

210 974 271 1003 ex
305 959 488 1002 duobus
520 959 846 1011 nominativis,
880 959 1144 1014 cujusmodi
1177 973 1279 1002 esse
1310 968 1424 1016 puto
1457 959 1689 1007 antitheta
1713 957 1983 1016 θρασύδει-

210 1024 313 1071 λος,
361 1017 706 1078 γλυκύπικρος,
755 1026 836 1061 aut
875 1033 934 1062 ex
964 1020 1225 1075 imparibus
1259 1019 1464 1070 casibus,
1513 1020 1579 1062 sic
1611 1028 1672 1070 uts
1696 1020 1844 1064 altera
1872 1033 1982 1077 pars

210 1081 349 1123 alteri
380 1093 479 1123 non
512 1093 725 1122 connexa
756 1080 819 1121 sit
850 1078 931 1121 sed
966 1079 1201 1130 subnexa,-
1255 1078 1493 1134 quomodo
1528 1078 1859 1136 λευκέρυθρον
1891 1080 1984 1136 dici

208 1140 397 1182 videtur
438 1139 563 1196 quod
603 1140 654 1181 in
692 1152 877 1181 summa
908 1138 1100 1181 rubrum
1135 1139 1197 1181 sit
1229 1138 1442 1181 admixto
1477 1138 1584 1181 albo
1618 1146 1665 1182 et
1696 1140 1981 1186 contrarium

211 1197 573 1258 ἓρυθρόλευκον
615 1212 674 1242 ex
715 1198 858 1242 rubro
902 1198 1132 1252 albicans;
1188 1213 1304 1256 quas
1342 1200 1564 1244 notiones
1597 1207 1768 1257 poetae
1802 1199 1982 1243 duabus

208 1261 404 1304 vocibus
447 1261 713 1317 exprimere
754 1259 930 1312 solent,
981 1259 1216 1315 adjectivo
1258 1267 1305 1302 et
1343 1260 1593 1317 participio
1633 1260 1766 1309 ἕλκος
1809 1258 1981 1305 λευκᾶν

210 1320 545 1379 ἐρευθόμενον
587 1334 656 1364 ex
695 1320 872 1363 rubro
915 1320 1179 1364 albicans
1210 1319 1365 1363 Nonn.
1399 1319 1572 1364 xxlx.
1610 1322 1709 1365 102.
1740 1324 1876 1363 ναῖτα
1906 1336 1983 1376 χι-

207 1384 364 1430 τῶνος
413 1379 628 1441 γλαυκὸν
654 1377 987 1453 Ιὲρευθόμενα
1038 1381 1088 1427 P.
1136 1380 1300 1453 Silent.
1353 1379 1467 1423 Tab.
1515 1380 1679 1424 Muud.
1723 1383 1794 1423 85.
1839 1379 1982 1424 ἵπποι

208 1441 406 1546 ῗιῗιὲἕὲ.
448 1439 1797 1558 ἕᾶλᾎῗῖἕὲἰιζτῗωέἔὲῑνῗὲῙὲεγὲἔὲἳτὲελῖῗέῖἷᾱἭἘΞΞΞΣ
1822 1439 1989 1552 εῗξᾶῗζ.

207 1561 333 1606 XIV.
372 1563 475 1604 482.
